2502 4334
352 1113 749 1209 ralsrlrro.

467 1365 641 1398 ...ἥ-...-

83 1557 255 1619 Cancrum
268 1552 445 1619 Mororum
459 1553 620 1621 Ciceronis
632 1553 756 1640 paranti
770 1554 849 1619 mihi
863 1579 1024 1624 recensere

79 1661 281 1726 commodum
295 1681 360 1726 non
375 1671 443 1725 erat
453 1660 638 1725 thesaurum
649 1659 740 1726 illum
751 1661 925 1744 literarum,
938 1664 1025 1732 unde

79 1769 147 1834 aliis
161 1769 195 1834 in
209 1767 296 1833 libris
309 1791 384 1854 opes
399 1791 484 1833 meas
499 1767 622 1833 criticas
637 1768 812 1849 hauseram,
830 1772 924 1838 adire.
956 1773 991 1838 N
992 1795 1026 1840 e·

79 1898 143 1960 que
167 1898 217 1940 res
241 1885 407 1961 tantopere
432 1876 591 1960 postulare
609 1875 786 1943 videbatur.
832 1879 961 1966 Quippe
985 1905 1025 1947 ex

78 1982 249 2048 Oodicibus
262 1982 485 2060 Ciceronianis,
496 1981 552 2066 qui
561 2005 618 2067 per
626 1982 683 2047 hos
695 1984 817 2069 aliquot
825 2009 923 2051 annos
935 1988 1020 2053 Lon-

78 2089 157 2153 dinii
171 2089 297 2156 venales
319 2089 503 2166 fantinum,
525 2089 618 2174 pauci
640 2089 770 2174 quidam
794 2092 922 2180 (studiis
944 2095 1023 2162 meis

78 2196 179 2262 amico
191 2219 261 2261 meo
272 2195 314 2262 G.
325 2194 481 2281 Burgesio
492 2194 635 2281 favente)
653 2197 749 2262 etiam
760 2202 801 2264 ad
810 2224 861 2266 me
872 2225 1026 2288 pervene-

76 2316 173 2382 ruut3
196 2303 231 2370 in
248 2303 297 2368 his
316 2303 381 2368 duo
401 2307 538 2371 catonis.
583 2303 666 2369 Tam
685 2307 780 2372 multi
793 2320 901 2375 nutem
915 2309 947 2374 in
964 2310 1025 2377 hoo

77 2413 187 2480 libello
203 2411 338 2480 Codices
351 2412 420 2496 jam
439 2421 549 2500 sunta
572 2410 655 2503 VV.
670 2412 750 2496 DD.
765 2415 882 2495 collati,
899 2427 937 2482 ut
959 2441 1023 2484 non

76 2541 271 2606 magnopere
284 2517 512 2604 poenitendum
527 2516 570 2581 'sit
583 2517 690 2604 plures
705 2542 770 2585 non
784 2522 968 2589 contulisse.

123 2668 277 2736 Ceterum
286 2667 360 2733 nolo
370 2664 505 2734 Codices
515 2683 602 2730 meos
612 2664 759 2748 laudibus
769 2666 933 2734 extollere:
949 2679 1025 2734 sunt

76 2796 139 2841 nec
153 2772 297 2840 meliores
311 2773 413 2838 multo
427 2793 486 2836 nec
503 2771 606 2836 multo
620 2771 801 2850 deteriores,
819 2795 915 2857 quam
929 2778 1024 2842 turba

77 2882 226 2948 codicum
240 2903 307 2948 esse
322 2881 413 2947 solet.
458 2878 532 2944 Etsi
546 2881 643 2945 semel
657 2880 787 2966 quidem
803 2882 872 2966 (17.
888 2883 945 2966 60>
960 2884 1033 2968 lec-¹

76 2989 201 3054 tionem
212 2988 306 3075 paulo
316 2986 535 3054 notabiliorem
546 3009 586 3051 ex
597 2997 734 3072 utroque
744 2987 858 3074 recepi,
869 2991 1021 3071 nondum,

77 3097 169 3182 quod
183 3097 289 3174 sciam,
301 3119 341 3161 ex
355 3094 422 3160 ullo
437 3093 564 3158 allatam
580 3096 677 3175 (unus
689 3093 751 3160 Ox.
766 3094 920 3180 respicere
935 3097 1023 3165 vide-

77 3205 163 3289 tur),
176 3203 232 3267 ubi
243 3203 384 3290 vulgata,
397 3200 518 3266 nemini
532 3200 636 3266 adhuc
647 3212 803 3287 suspecta,
816 3201 894 3266 mihi
908 3227 949 3270 ne
958 3204 1022 3270 La-

76 3313 148 3379 tina
164 3312 294 3398 quidem
313 3333 380 3378 esse
395 3310 530 3376 videtur.
562 3295 565 3310 ’
578 3308 642 3376 Sed
664 3310 739 3376 nolo
761 3310 921 3376 codicibus
943 3313 1021 3378 meis

74 3420 207 3486 laudem
221 3419 359 3504 aliquam
373 3418 565 3506 singularem
578 3437 733 3504 arrogare,
747 3439 805 3482 nec
816 3418 928 3483 dubito
943 3420 1022 3505 quin

75 3526 191 3592 eadem
205 3524 299 3591 lectio
314 3523 435 3590 incuria
449 3526 635 3590 collatorum
650 3523 764 3589 omissa
781 3524 891 3590 multis
908 3525 942 3589 in
956 3525 1021 3592 Co·

74 3635 204 3700 dicibus
215 3633 351 3700 haereat.
385 3637 492 3712 Prior,
506 3634 572 3700 scil.
584 3656 680 3718 quem
691 3631 890 3710 membranis,
904 3632 1020 3717 quibus

73 3745 216 3814 constat,
232 3736 293 3802 hoc
307 3735 391 3817 dedi,
407 3736 494 3823 prius
508 3747 547 3802 ut
561 3736 786 3802 conferendum
799 3745 955 3822 putarem,
972 3763 1021 3806 ra·

528 3844 547 3908 b
