2502 4334
240 415 271 472 ri
591 416 836 480 PRAEFATIO.

424 471 433 509 Ο

243 577 363 644 tionem
386 579 574 647 meritorum
595 580 623 646 si
645 580 723 647 velis
748 580 875 658 habere,
902 579 998 668 longe
1027 575 1178 644 secundus

243 686 408 769 ponendus
427 695 486 752 est.
538 689 698 754 Secundus
713 686 895 752 chartaceus
910 697 957 752 est
974 685 1029 751 ille
1042 685 1178 772 quidem,

244 792 300 858 sed
315 795 556 881 exemplarsatis
573 795 741 882 antiquum
756 794 889 861 reddere
906 793 1043 859 videtur.
1087 792 1182 858 Uter·

244 921 306 984 que
321 900 437 965 saeculi
452 901 536 966 XV.
547 925 556 978 3
575 903 707 987 junctus
728 911 864 986 uterque
882 901 918 966 in
931 898 1092 968 volumine
1111 922 1180 964 cum
1219 933 1220 980 p

244 1010 358 1072 Laelio
378 1018 411 1074 et
426 1012 618 1074 Parndocis.
663 1009 715 1075 At
734 1009 908 1076 secundum
922 1008 1071 1075 volumen
1090 1006 1181 1073 etiam
1219 985 1220 1044 l

243 1112 412 1202 Philologo
427 1117 565 1200 quodam
581 1115 786 1184 Cioeroniano
798 1126 927 1182 auctum
942 1127 1009 1181 est:
1025 1137 1122 1200 quem
1136 1113 1180 1180 bis

239 1225 307 1310 jam
322 1249 418 1292 manu
435 1250 506 1292 mea
522 1228 767 1296 emendatiorem
782 1227 941 1315 descripsi,
958 1229 985 1294 si
1000 1238 1115 1293 ornatu
1129 1225 1181 1291 ali-

245 1355 309 1416 quo
324 1333 535 1400 adnotationis
549 1334 740 1414 instruxero,
756 1358 831 1400 mox
848 1335 901 1422 (ut
916 1335 1021 1420 spero)
1035 1343 1181 1420 typogra-

245 1437 316 1523 phis
330 1441 514 1507 traditurus.

288 1587 455 1657 Editiones
470 1601 577 1657 autem
592 1591 763 1658 adfirerunt
775 1604 845 1658 tum
854 1591 932 1658 aliae
945 1592 1102 1679 quaedam
1117 1602 1182 1656 tum

247 1695 437 1776 Gemhardi,
462 1696 601 1778 Ottonis,
631 1698 765 1779 Klotzii,
791 1698 937 1778 Hutteri,
976 1697 1182 1772 DeGelderi,

246 1803 414 1893 Madvigii.

288 1953 368 2020 Fuit
389 1953 484 2020 etiam
505 1953 620 2020 tertius
642 1953 772 2038 quidam
797 1952 986 2020 recensionis
1008 1953 1089 2030 fons,
1115 1977 1184 2019 con-

170 2131 172 2140 ,
242 2061 368 2146 jectura
385 2083 474 2137 mea3
497 2084 561 2146 qua
579 2060 766 2147 profecerim
787 2060 908 2146 aliquid
925 2081 1035 2138 necne,
1052 2059 1183 2128 aliorum

198 2151 201 2160 ‚
247 2177 296 2235 est
305 2167 472 2253 judicium.

291 2317 331 2381 In
345 2308 549 2401 adnotatione
562 2337 612 2381 res
626 2315 777 2402 plurimas
789 2325 859 2380 tum
871 2315 993 2380 criticas
1005 2325 1076 2380 tum
1087 2316 1185 2403 philo
1219 2389 1220 2396 ἵ

246 2423 364 2510 logicas
379 2447 475 2510 quam
488 2421 672 2490 brevissime
683 2421 735 2487 vel
748 2421 843 2508 attigi
853 2421 906 2488 vel
919 2421 1067 2502 indicavi,
1085 2444 1184 2509 neque

247 2530 444 2597 collectaneis
466 2529 545 2596 meis
569 2528 704 2616 peperci,
728 2551 821 2614 quae,
848 2529 926 2594 dum
947 2529 1070 2617 aliquot
1092 2553 1184 2596 annos
1219 2533 1220 2538 ’

247 2637 322 2704 sileo
338 2637 443 2725 potius
458 2659 555 2723 quam
568 2658 665 2716 cesso,
682 2645 895 2703 accreverunt.

288 2894 423 2968 Daedali,
434 2895 532 2956 Idrias
545 2893 689 2971 mmor.
703 2909 857 2953 noocctu
